@book{Bogdanov1997,
	author = {Bogdanov, Ju. L.},
	title = {{Gidrotermal'nye rudoprojavlenija riftov Sredinno-Atlanticheskogo hrebta (Hydrothermal deposits of rift in the Mid-Atlantic ridge)}},
	address = {Moscow},
	editor = {Bogdanov},
	publisher = {Nauchnyi mir},
	pagetotal = {167},
	language = {russian},
	year = 1997}

@article{Boutelieretal2014,
	author = {Boutelier, D. and Oncken, O. and Cruden, A. R.},
	title = {{Trench-parallel shortening in the forearc caused by subduction along a seaward-concave plate boundary: Insights from analogue modelling experiments}},
	journal = {Tectonophysics},
	volume = 611,
	pages = {192--203},	
	doi = {10.1016/j.tecto.2013.11.028},
	issn = {0040-1951},
	year = 2014}

@article{Chase1978,
	author = {Chase, C. G.},
	title = {{Extension behind island arcs and motions relative to hot spots}},
	journal = {Journal of Geophysical Research},
	volume = 83,
	pages = {5385--5388},	
	issn = {0148-0227},
	year = 1978}

@inbook{Dic1974,	
	title = {{Novaja global'naja tektonika (New global tectonics)}},
	author = {Dic, R.},
	chapter = {{Jevoljucija kontinentov i okeanicheskih basseinov kak rezul'tat spredinga okeanicheskogo dna (the Evolution of continents and ocean basins as a result of the spreading ocean floor)}},
	pages = {26--32},
	address = {Moscow},
	publisher = {Mir},
	language = {russian},
	year = 1974}

@book{Lisicynetal1990,
	author = {Lisicyn, A. P. and Bogdanov, Ju. A. and Gurvich, E. G.},
	title = {{Gidrotermal'nye obrazovanija riftovyh zon okeana (Hydrothermal formation of rift zones of the ocean)}}, 
	address = {Moscow, Institute of Oceanology. n.a. P. P. Shirshov},
	editor = {Kupcov, V. M.},
	publisher = {Nauka},
	pagetotal = {341},
	language = {russian},
	year = 1990}	

@article{HeuretLallemand2005,
	author = {Heuret, A. and Lallemand, S.},
	title = {{Plate motions, slab dynamics and back-arc deformation}},
	journal = {Physics of the Earth and Planetary Interiors},
	volume = 149,
	pages = {31--51},	
	doi = {10.1016/j.pepi.2004.08.022},
	issn = {0031-9201},
	year = 2005}

@article{HorlestonHelffrich2012,
	author = {Horleston, A. C. and Helffrich, G. R.},
	title = {{Constraining sediment subduction: A converted phase study of the Aleutians and Marianas}},
	journal = {Earth and Planetary Science Letters},
	volume = {359--360},
	pages = {141--151},	
	doi = {10.1016/j.epsl.2012.10.019},
	issn = {0012-821X},
	year = 2012}	

@report{HussongUyeda1982,
	author = {Hussong, D. M. and Uyeda, S.},
	title = {{Tectonic process and the history of the Mariana Arc: A synthesis of the results of deep sea drilling project leg 60}},
	howpublished = {Initial Reports of the Deep Sea Drilling Project, 60},
	note = {p. 909--929},
	year = 1982}

@article{RID:0925180235504-2,
	author = {Michal Klau\v{c}o and Bohuslava Gregorov\'{a} and Ugljesa Stankov and Vladimir Markovi\'{c} and Polina Lemenkova},
	title = {{Determination of ecological significance based on geostatistical assessment: a case study from the Slovak Natura 2000 protected area}},
	Journal = {Central European Journal of Geosciences},
	number = 1,
	volume = 5,
	pages = {28-42},
	issn = {1896-1517},
	publisher = {De Gruyter},
	options = {maxnames=1},
	doi = {10.2478/s13533-012-0120-0},
	keywords = {article},
	doi+an = {=openaccess},
	url = {https://www.degruyter.com/view/j/geo.2013.5.issue-1/s13533-012-0120-0/s13533-012-0120-0.xml?format=INT},
	language = {english},
	langid = {english},
	year = 2013}

@article{Lallemandetal2008,
	author = {Lallemand, S. and Heuret, A. and Faccenna, C. and Funiciello F.},
	title = {{Subduction dynamics as revealed by trench migration}},
	journal = {Tectonics},
	volume = 27,
	issu = {TC3014},
	pages = {3014},	
	doi = {10.1029/2007tc002212},
	issn = {1944-9194},
	year = 2008}

@article{Lemenkova201866,
	author = {Polina Lemenkova},
	title = {{Factor Analysis by R Programming to Assess Variability Among Environmental Determinants of the Mariana Trench}},	
	eprinttype  = {arXiv},
	eprint = {1812.00989v1},
	eprintclass = {physics.geo-ph},
	journal = {Turkish Journal of Maritime and Marine Sciences},
	volume = 4,
	issue = 2,
	pages = {146--155},	
	url = {http://edergi.odu.edu.tr/ojs/index.php/JMMS/article/view/426},
	issn = {2564-7016}, 
	doi = {10.6084/m9.figshare.7358207},
	month = 12,
	year = 2018}

@misc{Lemenkova201855,
	author = {Polina Lemenkova},
	title = {{R script to plot rainbow-circular barplot to perform statistical analysis of the Mariana Trench geomorphology}},
	addendum = {Slope angles by 25 bathymetric profiles},
	doi = {10.13140/RG.2.2.34299.16165},
	url = {https://github.com/paulinelemenkova/R-15-Circular-Barplot},
	language = {english},
	langid = {english},
	month = 6,
	year = 2018}

@misc{Lemenkova201854,
	author = {Polina Lemenkova},
	title = {{R script to visualize quantile statistics (QQ) for 25 bathymetric profiles of the Mariana Trench}},
	doi = {10.13140/RG.2.2.27745.56163},
	doi+an = {=openaccess},
	keywords = {code},
	url = {https://github.com/paulinelemenkova/R-3-QQ-Statistics-ECDF-Facet-Wrapped},
	month = 6,
	year = 2018}

@misc{Lemenkova201853,
	author = {Polina Lemenkova},
	title = {{R scripts to plot 'lollipop charts' and diverging bars to perform statistical analysis of the Mariana Trench bathymetry}},
	doi = {10.13140/RG.2.2.16263.65449},
	doi+an = {=openaccess},
	keywords = {code},
	url = {https://github.com/paulinelemenkova/R-9-10.-Lollipop-Charts-and-Diverging-Bars},
	month = 6,
	year = 2018}

@misc{Lemenkova201852,
	author = {Polina Lemenkova},
	title = {{\LaTeX \space Code to generate bathymetric profile, Mariana Trench}},
	doi = {10.13140/RG.2.2.34272.94726},
	doi+an = {=openaccess},
	keywords = {code},
	url = {https://github.com/paulinelemenkova/LaTeX-code-for-bathymetric-profiles},
	language = {english},
	langid = {english},
	month = 6,
	year = 2018}	

@misc{Lemenkova201851,
	author = {Polina Lemenkova},
	title = {{R script to plot scatterplot matrix to perform correlation analysis}},
	addendum = {Factors affecting Mariana Trench structure},
	doi = {10.13140/RG.2.2.33040.87047},
	doi+an = {=openaccess},
	keywords = {code},
	url = {https://github.com/paulinelemenkova/40-R-Scatterplot-matrix},
	month = 6,
	year = 2018}

@misc{Lemenkova201850,
	author = {Polina Lemenkova},
	title = {{R script to plot structured edge bundling}},
	addendum = {Hierarchical network of the environmental factors affecting Mariana Trench},
	doi = {10.13140/RG.2.2.32700.08321},
	doi+an = {=openaccess},
	keywords = {code},
	url = {https://github.com/paulinelemenkova/34-R-Hierarchical-Edge-Bundling},
	month = 6,
	year = 2018}

@misc{Lemenkova201849,
	author = {Polina Lemenkova},
	title = {{R script to plot ternary diagrams showing triple correlation of environmental parameters}},
	addendum = {Mariana Trench, slope morphology, sediment thickness, depth, aspect class, igneous volcanic areas, tectonic plates},
	doi = {10.13140/RG.2.2.15084.00648},
	doi+an = {=openaccess},
	keywords = {code},
	url = {https://github.com/paulinelemenkova/29-R-Ternary},
	month = 6,
	year = 2018}

@misc{Lemenkova201848,
	author = {Polina Lemenkova},
	title = {{R script to run animated sequence for 25 bathymetric profiles showing regression analysis, Mariana Trench}},
	doi = {10.13140/RG.2.2.13327.64163},
	doi+an = {=openaccess},
	keywords = {code},
	url = {https://github.com/paulinelemenkova/24-R-Animation},
	month = 6,
	year = 2018}
	
@misc{Lemenkova201847,
	author = {Polina Lemenkova},
	title = {{R script to plot double Y axis, statistical analysis of the environmental factors affecting Mariana Trench geomorphology}},
	doi = {10.13140/RG.2.2.30943.71847},
	doi+an = {=openaccess},
	keywords = {code},
	url = {https://github.com/paulinelemenkova/R-14-Double-Y-Axis},
	month = 6,
	year = 2018}

@misc{Lemenkova201846,
	author = {Polina Lemenkova},
	title = {{R script to plot highlighted group of bathymetric profiles by slope steepness (Lollipop view), Mariana Trench}},
	doi = {10.13140/RG.2.2.15005.36321},
	doi+an = {=openaccess},
	keywords = {code},
	url = {https://github.com/paulinelemenkova/22-R-Highlighted-Groups-in-Lollipop-Chart},
	month = 6,
	year = 2018}

@misc{Lemenkova201845,
	author = {Polina Lemenkova},
	title = {{R script to plot lollipop chart, single-colored}},
	doi = {10.13140/RG.2.2.29685.42721},
	doi+an = {=openaccess},	
	addendum = {normalized steepness angles by the bathymetric profiles, Mariana Trench},
	keywords = {code},
	url = {https://github.com/paulinelemenkova/R-9-10.-Lollipop-Charts-and-Diverging-Bars},
	month = 6,
	year = 2018}

@misc{Lemenkova201844,
	author = {Polina Lemenkova},
	title = {{R script to plot multiple panels by groups}},
	addendum = {Scatter plot showing depths and angle distribution by tectonic plates, Mariana Trench},
	doi = {10.13140/RG.2.2.32621.44004},
	doi+an = {=openaccess},
	keywords = {code},
	url = {https://github.com/paulinelemenkova/R-17-Multiple-panels-by-groups},
	month = 6,
	year = 2018}

@misc{Lemenkova201843,
	author = {Polina Lemenkova},
	title = {{R script to plot radar chart for depth distribution within bathymetric profiles, Mariana Trench}},
	doi = {10.13140/RG.2.2.31782.57922},
	doi+an = {=openaccess},
	keywords = {code},
	url = {https://github.com/paulinelemenkova/R-21-Radar-Chart},
	month = 6,
	year = 2018}
	
@misc{Lemenkova201842,
	author = {Polina Lemenkova},
	title = {{R script to plot Dumbbell chart, 25 bathymetric profiles of the Mariana Trench}},
	doi = {10.13140/RG.2.2.36396.31366},
	doi+an = {=openaccess},
	keywords = {code},
	url = {https://github.com/paulinelemenkova/R-11-Dumbbell-Charts},
	month = 6,
	year = 2018}

@misc{Lemenkova201841,
	author = {Polina Lemenkova},
	title = {{R script to plot Euler-Venn diagram}},
	addendum = {Relationships between the factors and characteristics of the Mariana Trench},
	doi = {10.13140/RG.2.2.21716.24968},
	doi+an = {=openaccess},
	keywords = {code},
	url = {https://github.com/paulinelemenkova/23-R-Euler-Venn_Diagram-Rose},
	langid = {english},
	month = 6,
	year = 2018}

@misc{Lemenkova201840,
	author = {Polina Lemenkova},
	title = {{R script to plot Kernel density of the bathymetric data distribution}},
	addendum = {Statistical analysis of the Mariana Trench},
	doi = {10.13140/RG.2.2.15844.22406},
	doi+an = {=openaccess},
	keywords = {code},
	url = {https://github.com/paulinelemenkova/R-18-Density_Curves},
	month = 6,
	year = 2018}

@misc{Lemenkova201839,
	author = {Polina Lemenkova},
	title = {{R script to plot Waffle chart by waffle package}},
	addendum = {Percentage distribution of the aspect degree in the basement, Mariana Trench},
	doi = {10.13140/RG.2.2.13825.71522},
	doi+an = {=openaccess},
	keywords = {code},
	url = {https://github.com/paulinelemenkova/37-R-Waffle-Chart},
	month = 6,
	year = 2018}
	
@misc{Lemenkova201838,
	author = {Polina Lemenkova},
	title = {{R script for a levelplot heatmap}},
	addendum = {Modelling correlation between sediment thickness, slope angle and bathymetry, Mariana Trench},
	doi = {10.13140/RG.2.2.20956.03209},
	keywords = {code},
	url = {https://github.com/paulinelemenkova/33-R-Levelplot-Heatmap},
	month = 6,
	year = 2018}

@misc{Lemenkova201837,
	author = {Polina Lemenkova},
	title = {{R script to plot categorywise bar chart, Mariana Trench project}},
	doi = {10.13140/RG.2.2.10811.05929},
	keywords = {code},
	url = {https://github.com/paulinelemenkova/R-12-Categorywise-Bar-Chart},
	month = 6,
	year = 2018}

@misc{Lemenkova201836,
	author = {Polina Lemenkova},
	title = {{R script for the violinplots: a box plot, a Kernel probability density estimation and a median}},
	addendum = {25 bathymetric profiles of the Mariana Trench},
	doi = {10.13140/RG.2.2.26749.41445},
	keywords = {code},
	url = {https://github.com/paulinelemenkova/25-R-Violinplot},
	year = 2018}

@misc{Lemenkova201835,
	author = {Polina Lemenkova},
	doi = {10.13140/RG.2.2.17600.58883},
	title = {{R script to model correlation ellipses}},
	addendum = {correlation between various environmental determinants, Mariana Trench},
	keywords = {code},
	url = {https://github.com/paulinelemenkova/32-R-Correlation-Ellipses},
	month = 6,
	year = 2018}

@misc{Lemenkova201834,
	author = {Polina Lemenkova},
	doi = {10.13140/RG.2.2.18858.88000},
	doi+an = {=openaccess},
	title = {{R script to model hierarchical network: constitutional parts of the project and their connections}},
	addendum = {Mariana Trench project},
	keywords = {code},
	url = {https://github.com/paulinelemenkova/39-R-Network},
	month = 6,
	year = 2018}

@misc{Lemenkova201833,
	author = {Polina Lemenkova},
	title = {{R script to perform Exploratory Factor Analysis (EFA)}},
	addendum = {Statistical analysis of the environmental factors affecting Mariana Trench geomorphic structure},
	doi = {10.13140/RG.2.2.16761.72808},
	doi+an = {=openaccess},
	keywords = {code},
	url = {https://github.com/paulinelemenkova/26-R-Factor-Analysis},
	month = 6,
	year = 2018}

@misc{Lemenkova201832,
	author = {Polina Lemenkova},
	title = {{R script to perform the Principal Component Analysis (PCA)}},
	addendum = {Modelling impact factors affecting geomorphological structure of the Mariana Trench},
	doi = {10.13140/RG.2.2.29003.85289},
	keywords = {code},
	url = {https://github.com/paulinelemenkova/R-7-Principal-Component-Analysis-PCA-},
	year = 2018}	

@misc{Lemenkova201831,
	author = {Polina Lemenkova},
	title = {{R script to plot cluster dendrogram}},
	addendum = {statistical analysis of the 25 bathymetric profiles of the Mariana Trench}, 
	doi = {10.13140/RG.2.2.12226.63680},
	keywords = {code},
	url = {https://github.com/paulinelemenkova/R-5-Cluster-Analysis-Dendrogramms-},	
	month = 6,
	year = 2018}

@misc{Lemenkova201830,
	author = {Polina Lemenkova},
	title = {{R script for the colored boxplots}},
	addendum = {statistical analysis of the bathymetric profiles of the Mariana Trench},
	doi = {10.13140/RG.2.2.10968.34564},
	doi+an = {=openaccess},
	keywords = {code},
	url = {https://github.com/paulinelemenkova/R-2-Boxplot-Whiskerplot-},
	month = 6,
	year = 2018}

@misc{Lemenkova201829,
	author = {Polina Lemenkova},
	title = {{R script for the notched boxplot}},
	addendum = {statistical analysis of the bathymetric profiles of the Mariana Trench},
	doi = {10.13140/RG.2.2.17679.23209},
	doi+an = {=openaccess},
	keywords = {code},
	url = {https://github.com/paulinelemenkova/R-2-Boxplot-Whiskerplot-},
	month = 6,
	year = 2018}

@misc{Lemenkova201828,
	author = {Polina Lemenkova},
	title = {{R script for the regression analysis of the 25 bathymetric profiles of the Mariana Trench}},
	addendum = {facetwrap (loess, glm, lm methods)},
	doi = {10.13140/RG.2.2.30681.57448},
	doi+an = {=openaccess},
	keywords = {code},
	url = {https://github.com/paulinelemenkova/R-4-Regression-Analysis},
	month = 6,
	year = 2018}

@misc{Lemenkova201827,
	author = {Polina Lemenkova},
	title = {{R script for the ridge line plot modelling density distribution}},
	addendum = {Depth observation points by the tectonic plates, Mariana Trench},
	doi = {10.13140/RG.2.2.29344.64004},
	doi+an = {=openaccess},
	keywords = {code},
	url = {https://github.com/paulinelemenkova/35-R-Ridgelines},
	month = 6,
	year = 2018}

@misc{Lemenkova201826,
	author = {Polina Lemenkova},
	title = {{R script for mosaic and association plots}},
	addendum = {Statistical analysis of the Mariana Trench geomorphological and geological structure},
	doi = {10.13140/RG.2.2.10889.70247},
	doi+an = {=openaccess},
	keywords = {code},
	url = {https://github.com/paulinelemenkova/31-R-Mosaic-and-Association-Plots},
	month = 6,
	year = 2018}

@misc{Lemenkova201825,
	author = {Polina Lemenkova},
	title = {{R script for radar chart to model distribution of the bathymetric profiles}},
	addendum = { across four tectonic plates, Mariana Trench},
	doi = {10.13140/RG.2.2.25071.69286},
	doi+an = {=openaccess},
	keywords = {code},
	url = {https://github.com/paulinelemenkova/R-21-Radar-Chart},
	year = 2018}

@misc{Lemenkova201824,
	author = {Polina Lemenkova},
	title = {{R script for regression analysis, 3 plots on one layout}},
	note ={Bathymetric profiles of the Mariana Trench},
	doi = {10.13140/RG.2.2.23970.68803},
	doi+an = {=openaccess},
	keywords = {code},
	url = {https://github.com/paulinelemenkova/R-4-Regression-Analysis},
	month = 6,
	year = 2018}

@misc{Lemenkova201823,
	author = {Polina Lemenkova},
	title = {{R script for regression analysis, for one bathymetric profile}},
	addendum = {Mariana Trench},
	doi = {10.13140/RG.2.2.16001.51048},
	doi+an = {=openaccess},
	keywords = {code},
	url = {https://github.com/paulinelemenkova/R-4-Regression-Analysis},
	month = 6,
	year = 2018}

@misc{Lemenkova201822,
	author = {Polina Lemenkova},
	title = {{R script for several strip plots on one layout, divided by groups}},
	addendum = {Slope angles, sediment thickness, depths, igneous volcanic zones, Mariana Trench},
	doi = {10.13140/RG.2.2.25910.55360},
	doi+an = {=openaccess},
	keywords = {code},
	url = {https://github.com/paulinelemenkova/R-16_Strip-Plot-by-Groups},
	month = 6,
	year = 2018}

@misc{Lemenkova201821,
	author = {Polina Lemenkova},
	title = {{R script for basic 3D scatter plot, data modelling for 3 categories}},
	addendum = {Sediment thickness, slope angles and bathymetry, Mariana Trench},
	doi = {10.13140/RG.2.2.29265.99680},
	doi+an = {=openaccess},
	keywords = {code},
	url = {https://github.com/paulinelemenkova/R-19-3D},
	month = 6,
	year = 2018}

@misc{Lemenkova201820,
	author = {Polina Lemenkova},
	title = {{R script for circular barplot with groups}},
	addendum = {Tectonic plates, depths and slope angles, arranged by tectonic plates, Mariana Trench},
	doi = {10.13140/RG.2.2.20877.38885},
	doi+an = {=openaccess},
	keywords = {code},
	url = {https://github.com/paulinelemenkova/R-15-Circular-Barplot},
	month = 6,
	year = 2018}

@misc{Lemenkova201819,
	author = {Polina Lemenkova},
	title = {{R script for hexagonal plot showing frequency distribution}},
	addendum = {Depth distribution across bathymetric profiles, Mariana Trench},
	doi = {10.13140/RG.2.2.33538.94407},
	doi+an = {=openaccess},
	keywords = {code},
	url = {https://github.com/paulinelemenkova/27-R-Hexagonal-Hexbin-plot},
	month = 6,
	year = 2018}

@misc{Lemenkova201818,
	author = {Polina Lemenkova},
	title = {{R script for k-means cluster analysis, for the bathymetric profiles of the Mariana Trench}},
	doi = {10.13140/RG.2.2.35714.73925},
	doi+an = {=openaccess},
	keywords = {code},
	url = {https://github.com/paulinelemenkova/R-8-k-means-Cluster-Analysis},
	month = 6,
	year = 2018}

@misc{Lemenkova201817,
	author = {Polina Lemenkova},
	title = {{R script for k-means pairwise cluster analysis, for the bathymetric profiles of the Mariana Trench}},
	doi = {10.13140/RG.2.2.24809.54888},
	doi+an = {=openaccess},
	keywords = {code},
	url = {https://github.com/paulinelemenkova/R-8-k-means-Cluster-Analysis},
	month = 6,
	year = 2018}

@misc{Lemenkova201816,
	author = {Polina Lemenkova},
	title = {{R script for a dotplot with encircling, Mariana Trench project}},
	doi = {10.13140/RG.2.2.24232.83200},
	doi+an = {=openaccess},
	keywords = {code},
	url = {https://github.com/paulinelemenkova/R-13-Dotplot-with-Encircling},
	month = 6,
	year = 2018}

@misc{Lemenkova201815,
	author = {Polina Lemenkova},
	title = {{R script for a scatterplot with overlapping points and brackets}},
	addendum = {Aim is to indicate specific areas, Mariana Trench project},
	doi = {10.13140/RG.2.2.11649.92004},
	doi+an = {=openaccess},
	keywords = {code},
	url = {https://github.com/paulinelemenkova/R-20-Scatterplot-with-overlapping-points-Brackets},
	month = 6,
	year = 2018}

@misc{Lemenkova201814,
	author = {Polina Lemenkova},
	title = {{R script for a silhouette plot}},
	addendum = {statistical analysis of the Mariana Trench},
	doi = {10.13140/RG.2.2.21794.89286},
	doi+an = {=openaccess},
	keywords = {code},
	url = {https://github.com/paulinelemenkova/30-R-Silhouette},
	month = 6,
	year = 2018}

@misc{Lemenkova201813,
	author = {Polina Lemenkova},
	title = {{R script for a strip plot, statistical analysis of the factors with multiple parameters}},
	addendum = {Sediment thickness, depth, slope angles, Mariana Trench}, 
	doi = {10.13140/RG.2.2.19199.66726},
	doi+an = {=openaccess},
	keywords = {code},
	url = {https://github.com/paulinelemenkova/R-16_Strip-Plot-by-Groups},
	month = 6,
	year = 2018}

@misc{Lemenkova201812,
	author = {Polina Lemenkova},
	title = {{R script for a wordcloud: a visual presentation of the concepts and ideas}},
	addendum = {Mariana Trench project},
	doi = {10.13140/RG.2.2.10470.27203},
	doi+an = {=openaccess},
	keywords = {code},
	url = {https://github.com/paulinelemenkova/36-R-Wordcloud},
	month = 6,
	year = 2018}	

@misc{Lemenkova201811,
	author = {Polina Lemenkova},
	title = {{R script for the statistical correlogram}},
	addendum = {Mariana Trench project},
	doi = {10.13140/RG.2.2.32359.29607},
	doi+an = {=openaccess},
	keywords = {code},
	url = {https://github.com/paulinelemenkova/R-6-Correlogram},
	month = 6,
	year = 2018}

@misc{Lemenkova201810,
	author = {Polina Lemenkova},
	title = {{R script for ANOVA (Analysis of Variance)}},
	addendum = {Mariana Trench structure},
	doi = {10.13140/RG.2.2.25150.33601},
	doi+an = {=openaccess},
	keywords = {code},
	url = {https://github.com/paulinelemenkova/28-R-ANOVA},
	month = 6,
	year = 2018}

@misc{Lemenkova201809,
	author = {Polina Lemenkova},
	title = {{R script for Waffle chart to model distribution (in percentage) of the observation points}},
	addendum = {Method: by aspect class of the basement angle, Mariana Trench},
	doi = {10.13140/RG.2.2.17181.15840},
	doi+an = {=openaccess},
	keywords = {code},
	url = {https://github.com/paulinelemenkova/37-R-Waffle-Chart},
	month = 6,
	year = 2018}

@misc{Lemenkova201808,
	author = {Polina Lemenkova},
	title = {{R script for a Treemap, Mariana Trench project}},
	doi = {10.13140/RG.2.2.33958.37440},
	doi+an = {=openaccess},
	keywords = {code},
	url = {https://github.com/paulinelemenkova/38-R-Treemap},
	month = 6,
	year = 2018}	

@misc{Lemenkova201807,
	author = {Polina Lemenkova},
	title = {{R script ggpubr common legend for 25 histograms, statistical analysis}},
	addendum = {25 bathymetric profiles of the Mariana Trench},
	doi = {10.13140/RG.2.2.13170.35529},
	doi+an = {=openaccess},	
	keywords = {code},
	url = {https://github.com/paulinelemenkova/R-1-Histograms},
	month = 5,
	year = 2018}

@misc{Lemenkova201806,
	author = {Polina Lemenkova},
	title = {{R script cowplot with labels, statistical analysis}},
	addendum = {Bathymetric profiles of the Mariana Trench},
	doi = {10.13140/RG.2.2.28584.42247},
	doi+an = {=openaccess},
	keywords = {code},
	url = {https://github.com/paulinelemenkova/R-1-Histograms},
	month = 5,
	year = 2018}

@misc{Lemenkova201805,
	author = {Polina Lemenkova},
	title = {{R script for QQ facetted wrap, statistical analysis}},
	addendum = {25 bathymetric profiles of the Mariana Trench},
	doi = {10.13140/RG.2.2.26067.84003},
	doi+an = {=openaccess},
	keywords = {code},
	url = {https://github.com/paulinelemenkova/R-3-QQ-Statistics-ECDF-Facet-Wrapped},
	month = 5,
	year = 2018}

@misc{Lemenkova201804,
	author = {Polina Lemenkova},
	title = {{R script for statistical histograms, statistical analysis}},
	addendum = {25 bathymetric profiles of the Mariana Trench},
	doi = {10.13140/RG.2.2.31625.29288},
	doi+an = {=openaccess},
	keywords = {code},
	url = {https://github.com/paulinelemenkova/R-1-Histograms},
	month = 5,
	year = 2018}

@misc{Lemenkova201803,
	author = {Polina Lemenkova},
	title = {{R script for a scatterplot via library ggally}},
	addendum = {25 bathymetric profiles of the Mariana Trench},
	doi = {10.13140/RG.2.2.15503.43681},
	doi+an = {=openaccess},
	keywords = {code},
	url = {https://github.com/paulinelemenkova/40-R-Scatterplot-matrix},
	month = 5,
	year = 2018}	

@misc{Lemenkova201802,
	title = {{Table: Statistical data for the 25 bathymetric cross-section profiles, Mariana Trench}},
	author = {Polina Lemenkova},
	addendum = {Dataset},
	doi = {10.13140/RG.2.2.28925.20963},
	doi+an = {=openaccess},
	keywords = {dataset},
	month = 5,
  	year = 2018}

@misc{Lemenkova201801,
	title = {{Table: Bathymetry of the Mariana Trench, depths for the 25 cross-section profiles}},
	author = {Polina Lemenkova},
	addendum = {Dataset},
	doi = {10.13140/RG.2.2.15818.00968},
	doi+an = {=openaccess},
	keywords = {dataset},
	month = 5,
	year = 2018} 

@inproceedings{Lemenkova201868,
	title = {{Hierarchical Cluster Analysis by R language for Pattern Recognition in the Bathymetric Data Frame: a Case Study of the Mariana Trench, Pacific Ocean}},
	booktitle = {Virtual Simulation, Prototyping and Industrial Design},
	booktitleaddon = {Proc. \nth{5} Int'l Conf. Issue 5},
	author = {Polina Lemenkova},
	pages = {147--152},	
	location = {Tambov},
	eventdate = {2018-11-14/2018-11-16},	
	venue = {TSTU)},
	editor = {Krasnyansky, M. N.},
	publisher = {TSTU Press},
	volume = 2,
	doi = {10.6084/m9.figshare.7531550},
	isbn = {978-5-8265-1997-4},
	keywords = {inproceedings},
	url = {http://go.tstu.ru/meroprijatija.php?id=46&lang=ru},
	language = {english},
	langid = {english},
	month = 11,
	year = 2018}
	
@article{Lemenkova201871,
	author = {Polina Lemenkova},
	title = {{R scripting libraries for comparative analysis of the correlation methods to identify factors affecting Mariana Trench formation}},	
	eprinttype  = {arXiv},
	eprint = {1812.01099},
	eprintclass = {physics.geo-ph},	
	journal = {Journal of Marine Technology and Environment},
	editor = {Mariana Panaitescu and Feiza Memet},
	volume = 2,	
	pages = {35--42},
	location = {Konstanta Maritime University, Romania},	
	issn = {1844-6116},
	url = {http://cmu-edu.eu/jmte},
	doi = {10.6084/m9.figshare.7434167},
	keywords = {article},
	language = {english},
	langid = {english},
	month = 11,
	year = 2018}

@article{Lemenkova201569,
	title = {{Smart Seafloor Mapping in Real Time Regime Using Deep-Sea Multibeam Echosounder Hydrosweep DS}},
	journal = {Izvestiya MGTU 'MAMI'},
	author = {Polina Lemenkova},
	volume = 5, 
	number = 4,
	issue = 26,
	publisher = {MGTU MAMI}, 
	pages = {23--27},
	issn = {2074-0530},
	url = {https://elibrary.ru/item.asp?id=25449856},
	doi = {10.6084/m9.figshare.7434185},
	doi+an = {=openaccess},
	eprinttype = {HAL},
	eprint = {hal-02021995},
	keywords = {article},
	language = {russian},
	langid = {english},
	month = 12,
	year = 2015}

@article{Lemenkova201540,	
	title = {{Thematic Information Clusters for Integrated GIS Mapping of the Marine Ecosystems}},
	author =  {Polina Lemenkova},
	journal = {Bulletin of the Yugra State University},
	issuetitle = {{The \nth{6} Technological Structures}},
	issuesubtitle = {{Mechanisms and Perspectives of the Development}},
	editor = {Karminskaya, T. D. and Bystrov, V. V. and Vokhmintsev, A. V.},
	volume = {S2}, 
	number = 37,
	pages = {48--50},
	location = {Russia, Khanty-Mansiysk},
	addendum = {YSU Press},
	doi = {10.6084/m9.figshare.7439222},
	doi+an = {=openaccess},
	issn = {1816-9228},
	keywords = {article},
	url = {https://elibrary.ru/item.asp?id=24989152},
	language = {russian},
	langid = {english},
	options = {maxnames=1},
	month = 11,
	year = 2015}

@inproceedings{Lemenkova201565,
	title = {{Data Capture for Seafloor Bathymetric Mapping Using Software Caris Hips, GMT and ArcGIS}},
	booktitle = {Actual Problems of the Modern Machinery},
	booktitleaddon = {Proceedings International Conference},
	author = {Polina Lemenkova},
	editor = {Chinakhov, D. A.},
	publisher = {TPU Press}, 
	pages = {111--117},
	venue = {Yurga Institute of Technology, Tomsk Polytechnic University (TPU) Branch},
	location = {Tomsk (Yurga), Russia},
	eventdate = {2015-12-17/2015-12-18},
	doi = {10.6084/m9.figshare.7210307},
	doi+an = {=openaccess},
	keywords = {inproceedings},
	url = {http://uti.tpu.ru/nauchnaya_deyatelnost/konferencii/mnpk_aktualnye_problemy_sovremennogo_mashinostroeniya_v_yuti_tpu/},
	language = {russian},
	langid = {english},
	month = 12,
	year = 2015}
	
@inproceedings{Lemenkova201510,	
	title = {{Google Earth web service as a support for GIS mapping in geospatial research at universities}},	
	author = {Polina Lemenkova},
	booktitle = {Web-Technologies in the Educational Space},
	booksubtitle = {Problems, Approaches, Perspectives},
	booktitleaddon = {Proceedings Int'l Conference},
	publisher = {OOO Rastr-NN}, 
	editor = {Aryutkina, S. V. and Napalkov, S. V.},
	pages = {460-464},
	location = {Arzamas, Russia},
	eventdate = {2015-03-26/2015-03-27},
	isbn = {978-5-9906469-1-9},
	doi = {10.6084/m9.figshare.7211798},
	doi+an = {=openaccess},
	eprinttype = {HAL},
	eprint = {hal-01973680},
	url = {https://elibrary.ru/item.asp?id=23426340},
	addendum = { EarthArXiv: \href{https://eartharxiv.org/ebyjq/}{ebyjq}},
	language = {russian and english},
	langid = {english},
	keywords = {inproceedings},
	month = 3,
	year = 2015}	

@inproceedings{Lemenkova2014i,	
	title = {{Cost-Effective Raster Image Processing for Geoecological Analysis using ISOCLUST Classifier: a Case Study of Estonian Landscapes}},
	author = {Polina Lemenkova},
	booktitle = {Modern Problems of Geoecology and Landscapes studies},
	booktitleaddon = {Proceedings of the \nth{5} International Research Conference},
	publisher = {BSU Press}, 
	editor = {Vitchenko, A. N. and Martsinkevich, G. I. and Vlasov, B. P. and Gagina, N. V. and Yatsukhno, V. M.},
	pages = {74--76},
	venue = {Belarus State University (BSU)},
	location = {Minsk, Belarus},
	eventdate = {2014-10-14/2014-10-17},
	isbn = {978-985-476-629-4},
	doi = {10.6084/m9.figshare.7211870},
	keywords = {inproceedings},
	url = {https://www.elib.bsu.by/bitstream/123456789/103641/1/geoconf80.pdf},
	language = {english},
	langid = {english}}	

@inproceedings{Lemenkova2014d,
	author = {Michal Klau\v{c}o and Bohuslava Gregorov\'{a} and Ugljesa Stankov and Vladimir Markovi\'{c} and Polina Lemenkova},
	booktitle = {Ecology and Environmental Protection},
	booktitleaddon = {Proceedings of International Conference},
	title = {{Landscape metrics as indicator for ecological significance: assessment of Sitno Natura 2000 sites, Slovakia}},
	venue = {Belarusian State University},
	location = {Minsk, Belarus},
	eventdate = {2014-03-19/2014-03-20},
	publisher = {BSU Press},
	pages = {85--90},
	options = {maxnames=99},
	url = {http://elib.bsu.by/handle/123456789/103362},
	doi = {10.6084/m9.figshare.7434200},
	language = {english},
	langid = {english}}

@article{Lemenkova2013j,
	title = {{Geospatial Technology for Land Cover Analysis}},
	author = {Polina Lemenkova},
	Journal = {Middle East and Africa (MEA) Geospatial Digest},
	addendum = {e-magazine (periodical)},
	doi = {10.6084/m9.figshare.7439228},
	url = {https://www.geospatialworld.net/article/geospatial-technology-for-land-cover-analysis/},
	language = {english},
	langid = {english},
	month = 11,
	year = 2013}

@inproceedings{Lemenkova2012l,
	title = {{Impacts of Climate Change on Landscapes in Central Europe, Hungary}},
	booktitle = {{Current Problems of Ecology}},
	booksubtitle = {Ecological Monitoring and Management of Natural Protection},
	booktitleaddon = {Proceedings of 8th International Conference},
 	volume = 2,
	author={Polina Lemenkova},
	publisher = {YKSUG Press}, 
	pages = {134--136},
	venue = {Yanka Kupala State University of Grodno YKSUG},
	location = {Grodno, Belarus},
	eventdate = {2012-10-24/2012-10-26},
	doi = {10.6084/m9.figshare.7211993},	
	url = {https://elib.grsu.by/katalog/173327-393652.pdf},
	language = {english},
	langid = {english}}

@inproceedings{Lemenkova2012j,
	author = {Polina Lemenkova and Catrin Promper and Thomas Glade},
	title = {{Economic Assessment of Landslide Risk for the Waidhofen a.d. Ybbs Region, Alpine Foreland, Lower Austria}},
	booktitle = {{Protecting Society through Improved Understanding}},
	booktitleaddon = {{\nth{11} Int'l Symposium on Landslides \& the \nth{2} North American Symposium on Landslides \& Engineered Slopes}},
	eventtitleaddon = {NASL},
	editor = {Eberhardt, E. and Froese, C. and Turner, A. K. and Leroueil, S.},
	location = {Banff, AB, Canada},
	eventdate = {2012-06-02/2012-06-08},
	options = {maxnames=99},
	pages = {279--285},
	doi = {10.6084/m9.figshare.7434230},
	doi+an = {=openaccess},
	eprinttype = {HAL},
	eprint = {hal-01972877},
	language = {english},
	langid = {english},
	month = 6,
	year = 2012}

@inproceedings{Lemenkova2012k,	
	title = {{Water Supply and Usage in Central Asia, Tian Shan Basin}},
	author = {Polina Lemenkova},
	booktitle = {Civil Eng., Architecture \& Environmental Protection},
	booksubtitle = {PhiDAC-2012},
	booktitleaddon = {Proceedings of the 4th International Symposium for Doctoral studies in the Fields of Civil Engineering, Architecture \& Environmental Protection},
	publisher = {University of Ni\v{s} Publishing Center}, 
	editor = {Grdic, Z. and Toplicic-Curcic, G.},
	pages = {331-338},
	venue = {University of Ni\v{s}, Faculty of Civil Eng. \& Architecture},
	location = {Ni\v{s}, Serbia},
	eventdate = {2012-09-27/2012-09-28},
	isbn = {978-86-88601-05-4},
	doi = {10.6084/m9.figshare.7211999},	
	language = {english},
	langid = {english},
	month = 9,
	year = 2012}

@inproceedings{Lemenkova2012d,
	author = {Polina Lemenkova and Bruce Forbes and Timo Kumpula},
	booktitle = {Geoinformatics: Theoretical and Applied Aspects},
	booktitleaddon = {Proceedings of the \nth{11} Int'l Conference},
	title = {{Mapping Land Cover Changes Using Landsat TM: A Case Study of Yamal Ecosystems, Arctic Russia}},
	location = {Kiev, Ukraine},
	eventdate = {2012-05-14/2012-05-17},
	url = {https://elibrary.ru/item.asp?id=24527736},
	doi = {10.6084/m9.figshare.7434242.v1},	
	doi+an = {=openaccess},
	eprinttype = {HAL},
	eprint = {hal-02022108},
	keywords = {inproceedings},
	language = {english},
	langid = {english},
	month = 5,
	year = 2012}

@inproceedings{Lemenkova2012g,
	author = {Polina Lemenkova and Istv\'{a}n Elek},
	booktitle = {Geosciences and Environment},
	booktitleaddon = {Proceedings of the \nth{3} International Conference},
	booksubtitle = {Near-Surface Geophysics},
	title = {{Clustering Algorithm in ILWIS GIS for Classification of Landsat TM Scenes: a Case Study of Mecsek Hills Region, Hungary}},
	venue = {{Association of Geophysicists \& Environmentalists of Serbia (AGES)}}, 
	editor = {Komatina-Petrovic, S.},
	location = {Belgrade, Serbia},
	eventdate = {2012-05-27/2012-05-29},
	doi = {10.6084/m9.figshare.7434218.v1},
	doi+an = {=openaccess},
	eprinttype = {HAL},
	eprint = {hal-02000222},
	language = {english},
	langid = {english},
	keywords = {inproceedings},
	month = 5,
	year = 2012}

@thesis{Lemenkova2011c,
	author = {Polina Lemenkova},
	title = {{Seagrass Mapping and Monitoring Along the Coasts of Crete, Greece}},
	school = {University of Twente, Faculty of Earth Observation and Geoinformation (ITC)},
	address = {Enschede, Netherands},
	pagetotal = 158,
	type = {M.Sc. Thesis},
	editor = {Valentijn Venus and Albertus Toxopeus},
	doi = {10.13140/RG.2.2.16945.22881},
	url = {https://thesiscommons.org/p4h9v},
	language = {english},
	keywords = {thesis},
	language = {english},
	langid = {english},
	date = {2011-03-08}}

@thesis{Lemenkova2007b,
	title = {Using ArcGIS in Teaching Geosciences}},
	author = {Polina Lemenkova},
	school = {Lomonosov Moscow State University, Faculty of Educational Studies},
	address = {Moscow, Russia},
	pagetotal = 58,
	doi = {10.13140/RG.2.2.12357.70885},
	url = {https://thesiscommons.org/nmjgz},
	type = {B.Sc. Thesis},
	keywords = {thesis},
	language = {russian},
	langid = {english},
	date = {2007-06-05}}

@article{Lemenkova2007f,
	author = {Steffen Gauger and Gerhard Kuhn and Karsten Gohl and Thomas Feigl and Polina Lemenkova and Claus Hillenbrand},
	title = {{Swath-bathymetric mapping}},
	journal={The expedition ANTARKTIS-XXIII/4 of the Res. Vessel 'Polarstern' in 2006. Berichte zur Polar- und Meeresforschung // Rep. on Polar and Marine Res.}, 
	volume = 557,
	publisher = {Alfred Wegener Institute f\"{u}r Polar- und Meeresforschung},
	editor = {Karsten Gohl},
	address = {Bremerhaven, Germany},
	pages = {38--45},
	issn = {1618-3193},
	addendum = {In English Ant. Acc. No.: 85104. CRREL Acc. No.: 63000887; illus., incl. sketch maps},
	url = {https://www.coldregions.org/vufind/Record/288392},
	doi = {10.6084/m9.figshare.7439231},
	options = {maxnames=99},
	language = {english},
	langid = {english},
	year = 2007}	

@inproceedings{Lemenkova2006e,
	 author = {Gohl, K. and Eagles, G. and Udintsev, G. B. and Larter, R. D. and Uenzelmann-Neben, G. and Schenke, H. W. and Lemenkova, P. and Grobys, J. and Parsiegla, N. and Schlueter, P. and Deen, T. and Kuhn, G. and Hillenbrand, C. D.},
	 title = {{Tectonic and Sedimentary Processes of the West Antarctic Margin of the Amundsen Sea Embayment and Pine Island Bay}},
	 booktitle = {{\nth{2} Open Science Conference and \nth{29} SCAR on 'Antarctica in the Earth System'}},
	 location = {Hobart, Tasmania, Australia},
	 eventdate = {2006-07-12/2006-07-14},
	 options = {maxnames=1},
	 doi = {10.6084/m9.figshare.7435484.v1},
	 doi+an = {=openaccess},
	 keywords = {inproceedings},
	 url = {https://www.scar.org/events/},
	 language = {english},
	 langid = {english},
	 month = 7,
	 year = 2006}
	
@thesis{Lemenkova2004a,
	author = {Polina Lemenkova},
	title = {{Geoecological Mapping of the Barents and Pechora Seas}},
	school = {Lomonosov Moscow State University, Faculty of Geography, Department of Cartography and Geoinformatics},
	address = {Moscow, Russia},
	pagetotal = 78,
	type = {B.Sc. Thesis},
	keywords = {thesis},
	doi = {10.13140/RG.2.2.25360.05122},
	url = {https://thesiscommons.org/bvwcr},
	language = {russian},
	langid = {english},
	date = {2004-05-18},
	year = 2004}	

@article{Morgan1968,
	author = {Morgan, W. J.},
	title = {{Rises, trenches, great faults, and crustal blocks}},
	journal = {Journal of Geophysical Research Atmospheres}, 
	volume = 73,
	pages = {1959-1982},	
	issn = {0148-0227},
	year = 1968}

@article{RuffKanamori1980,
	author = {Ruff, L. and Kanamori, H.},
	title = {{Seismicity and the subduction process}},
	journal = {Physics of the Earth and Planetary Interiors},
	volume = 23,
	pages = {240--252},	
	issn = {0031-9201},
	doi = {10.1016/0031-9201(80)90117-X},
	issn = {0031-9201},
	year = 1980}

@article{SchenkeLemenkova2008,
	 author = {Hans Werner Schenke and Polina Lemenkova},
	 title = {{Zur Frage der Meeresboden-Kartographie: Die Nutzung von AutoTrace Digitizer f\"{u}r die Vektorisierung der Bathymetrischen Daten in der Petschora-See}},
	 journal = {Hydrographische Nachrichten},
	 volume = 25, 
	 number = 81,
	 pages = {16--21},
	 language = {german},
	 langid = {english},
	 issn = {0934-7747},
	 doi = {10.6084/m9.figshare.7435538.v2},
	 month = 6,
	 year = 2008}
	
@inproceedings{Lemenkova2005b1,
	author = {Inna Suetova and Ludmila Ushakova and Polina Lemenkova},
	title = {{Geoecological Mapping of the Barents Sea Using GIS}},
	booktitle = {Digital Cartography \& GIS for Sustainable Development of Territories},
	booktitleaddon = {Proceedings of the International Cartographic Conference},
	howpublished = {Theme 5 'Digital Cartography \& GIS for Sustainable Development of Territories'. Session 4 'Land Management (3)'},
	eventtitleaddon = {ICC},
	eventdate = {2005-07-09/2005-07-16},
	organization = {International Cartographic Association},
	location = {La Coru{\~n}a, Espa{\~n}a},
	doi = {10.6084/m9.figshare.7435529},
	doi+an = {=openaccess},
	url = {https://icaci.org/icc2005/},
	language = {english},
	langid = {english},
	year = 2005}
	
@article{Lemenkova2005a,
	author = {Inna Suetova and Ludmila Ushakova and Polina Lemenkova},
	title = {{Geoinformation mapping of the Barents and Pechora Seas}},
	journal = {Geography and Natural Resources}, 
	volume = 4,
	publisher = {Siberian Branch RAS},
	editor = {Snytko, V. A.},
	address = {Novosibirsk},
	pages = {138--142},
	issn = {1875-3728},
	doi = {10.6084/m9.figshare.7435535},
	doi+an = {=openaccess},
	options = {maxnames=3},
	language = {english},
	langid = {english},
	keywords = {article},
	year = 2005}
	
	
	